@misc{RationalFunctionApproximation.jl,
	author  = {Toby Driscoll <driscoll@udel.edu> and contributors},
	title   = {RationalFunctionApproximation.jl},
	version = {v0.1.0},
	doi = {10.5281/zenodo.8355791},
	year    = {2023},
	month   = {9}
}
